<?xml version="1.0" encoding="UTF-8"?><record xmlns="http://www.loc.gov/MARC21/slim" xmlns:cinclude="http://apache.org/cocoon/include/1.0" xmlns:zs="http://www.loc.gov/zing/srw/">
  <leader>00583nz  a2200133n  4500</leader>
  <controlfield tag="001">n 2001106439</controlfield>
  <controlfield tag="003">DLC</controlfield>
  <controlfield tag="005">20010604102043.0</controlfield>
  <controlfield tag="008">010604n| acannaabn          |n aaa      </controlfield>
  <datafield tag="010" ind1=" " ind2=" ">
    <subfield code="a">n 2001106439</subfield>
  </datafield>
  <datafield tag="040" ind1=" " ind2=" ">
    <subfield code="a">DLC</subfield>
    <subfield code="b">eng</subfield>
    <subfield code="c">DLC</subfield>
  </datafield>
  <datafield tag="100" ind1="1" ind2=" ">
    <subfield code="a">Singer, Chris,</subfield>
    <subfield code="d">1938-</subfield>
  </datafield>
  <datafield tag="670" ind1=" " ind2=" ">
    <subfield code="a">Bolton, Mike. Training for financial awareness, 2001:</subfield>
    <subfield code="b">CIP t.p. (Chris Singer) vita (founder dir. of Aregon; Managing dir., Granada Microcomputer Ser.; fd. Singer Electronics; since 1994 undertaken consultancy in Eastern Europe &amp; Mongolia)</subfield>
  </datafield>
  <datafield tag="670" ind1=" " ind2=" ">
    <subfield code="a">E-mail fr. pub., June 4, 2001</subfield>
    <subfield code="b">(Chris Singer; b. Sept. 24, 1938)</subfield>
  </datafield>
</record>